<?xml version="1.0" encoding="UTF-8"?><collection xmlns="http://www.loc.gov/MARC21/slim"><record><leader>00469nam--2200193-i-4500</leader><controlfield tag="001">000018630</controlfield><controlfield tag="002">20161230</controlfield><controlfield tag="005">20161230201032</controlfield><controlfield tag="008">060222s1000------------r-----000-0-fre-d</controlfield><datafield ind1=" " ind2=" " tag="040"><subfield code="a">IFIN-HH</subfield></datafield><datafield ind1=" " ind2=" " tag="041"><subfield code="a">fre</subfield></datafield><datafield ind1=" " ind2=" " tag="080"><subfield code="a">533.9</subfield></datafield><datafield ind1="1" ind2=" " tag="100"><subfield code="a">Delcroix, J.L</subfield></datafield><datafield ind1="1" ind2="0" tag="245"><subfield code="a">Physique des plasmas</subfield><subfield code="b">Tome I</subfield><subfield code="c">J.l delcroix</subfield></datafield><datafield ind1=" " ind2=" " tag="260"><subfield code="a">Paris, Dunod, 1963</subfield></datafield><datafield ind1=" " ind2=" " tag="300"><subfield code="a">XII + 292 P</subfield></datafield><datafield ind1=" " ind2=" " tag="490"><subfield code="a">Monographies Dunod</subfield></datafield><datafield ind1=" " ind2=" " tag="852"><subfield code="a">19446</subfield><subfield code="c">533.9</subfield></datafield><datafield ind1=" " ind2=" " tag="CAT"><subfield code="a">Sys</subfield><subfield code="c">20100922</subfield><subfield code="h">093100</subfield></datafield></record></collection>